%YAML 1.1
%TAG !u! tag:unity3d.com,2011:
--- !u!29 &1
SceneSettings:
  m_ObjectHideFlags: 0
  m_PVSData: 
  m_PVSObjectsArray: []
  m_PVSPortalsArray: []
  m_OcclusionBakeSettings:
    smallestOccluder: 5
    smallestHole: .25
    backfaceThreshold: 100
--- !u!104 &2
RenderSettings:
  m_ObjectHideFlags: 0
  serializedVersion: 5
  m_Fog: 0
  m_FogColor: {r: .5, g: .5, b: .5, a: 1}
  m_FogMode: 3
  m_FogDensity: .00999999978
  m_LinearFogStart: 0
  m_LinearFogEnd: 300
  m_AmbientSkyColor: {r: .200000003, g: .200000003, b: .200000003, a: 1}
  m_AmbientEquatorColor: {r: .200000003, g: .200000003, b: .200000003, a: 1}
  m_AmbientGroundColor: {r: .200000003, g: .200000003, b: .200000003, a: 1}
  m_AmbientIntensity: 1
  m_AmbientProbe:
    sh[ 0]: 0
    sh[ 1]: 0
    sh[ 2]: 0
    sh[ 3]: 0
    sh[ 4]: 0
    sh[ 5]: 0
    sh[ 6]: 0
    sh[ 7]: 0
    sh[ 8]: 0
    sh[ 9]: 0
    sh[10]: 0
    sh[11]: 0
    sh[12]: 0
    sh[13]: 0
    sh[14]: 0
    sh[15]: 0
    sh[16]: 0
    sh[17]: 0
    sh[18]: 0
    sh[19]: 0
    sh[20]: 0
    sh[21]: 0
    sh[22]: 0
    sh[23]: 0
    sh[24]: 0
    sh[25]: 0
    sh[26]: 0
  m_AmbientProbeInGamma:
    sh[ 0]: 0
    sh[ 1]: 0
    sh[ 2]: 0
    sh[ 3]: 0
    sh[ 4]: 0
    sh[ 5]: 0
    sh[ 6]: 0
    sh[ 7]: 0
    sh[ 8]: 0
    sh[ 9]: 0
    sh[10]: 0
    sh[11]: 0
    sh[12]: 0
    sh[13]: 0
    sh[14]: 0
    sh[15]: 0
    sh[16]: 0
    sh[17]: 0
    sh[18]: 0
    sh[19]: 0
    sh[20]: 0
    sh[21]: 0
    sh[22]: 0
    sh[23]: 0
    sh[24]: 0
    sh[25]: 0
    sh[26]: 0
  m_AmbientMode: 3
  m_SkyboxMaterial: {fileID: 0}
  m_HaloStrength: .5
  m_FlareStrength: 1
  m_FlareFadeSpeed: 3
  m_HaloTexture: {fileID: 0}
  m_SpotCookie: {fileID: 10001, guid: 0000000000000000e000000000000000, type: 0}
  m_DefaultReflectionMode: 0
  m_DefaultReflectionResolution: 128
  m_ReflectionBounces: 1
  m_ReflectionIntensity: 1
  m_CustomReflection: {fileID: 0}
  m_GeneratedSkyboxReflection: {fileID: 0}
  m_Sun: {fileID: 0}
--- !u!127 &3
LevelGameManager:
  m_ObjectHideFlags: 0
--- !u!157 &4
LightmapSettings:
  m_ObjectHideFlags: 0
  serializedVersion: 4
  m_GIWorkflowMode: 1
  m_LightmapsModeLegacy: 1
  m_LightmapsMode: 1
  m_UseDualLightmapsInForward: 0
  m_GISettings:
    serializedVersion: 2
    m_BounceScale: 1
    m_IndirectOutputScale: 1
    m_AlbedoBoost: 1
    m_TemporalCoherenceThreshold: 1
    m_EnvironmentLightingMode: 0
    m_EnableBakedLightmaps: 1
    m_EnableRealtimeLightmaps: 1
  m_LightmapEditorSettings:
    serializedVersion: 3
    m_Resolution: 2
    m_BakeResolution: 50
    m_TextureWidth: 1024
    m_TextureHeight: 1024
    m_AOMaxDistance: 1
    m_Padding: 2
    m_CompAOExponent: 0
    m_LightmapParameters: {fileID: 0}
    m_TextureCompression: 0
    m_FinalGather: 0
    m_FinalGatherRayCount: 1024
  m_LightmapSnapshot: {fileID: 0}
  m_RuntimeCPUUsage: 25
--- !u!196 &5
NavMeshSettings:
  serializedVersion: 2
  m_ObjectHideFlags: 0
  m_BuildSettings:
    serializedVersion: 2
    agentRadius: .5
    agentHeight: 2
    agentSlope: 45
    agentClimb: .400000006
    ledgeDropHeight: 0
    maxJumpAcrossDistance: 0
    accuratePlacement: 0
    minRegionArea: 2
    cellSize: .166666657
    manualCellSize: 0
  m_NavMeshData: {fileID: 0}
--- !u!1 &4640627
GameObject:
  m_ObjectHideFlags: 0
  m_PrefabParentObject: {fileID: 0}
  m_PrefabInternal: {fileID: 0}
  serializedVersion: 4
  m_Component:
  - 4: {fileID: 4640628}
  m_Layer: 0
  m_Name: PickUps
  m_TagString: Untagged
  m_Icon: {fileID: 0}
  m_NavMeshLayer: 0
  m_StaticEditorFlags: 0
  m_IsActive: 1
--- !u!4 &4640628
Transform:
  m_ObjectHideFlags: 0
  m_PrefabParentObject: {fileID: 0}
  m_PrefabInternal: {fileID: 0}
  m_GameObject: {fileID: 4640627}
  m_LocalRotation: {x: 0, y: 0, z: 0, w: 1}
  m_LocalPosition: {x: 0, y: -.00999999978, z: -24.7800007}
  m_LocalScale: {x: 1, y: 1, z: 1}
  m_Children:
  - {fileID: 684308567}
  - {fileID: 405253733}
  - {fileID: 1432380276}
  m_Father: {fileID: 1173833884}
  m_RootOrder: 4
--- !u!1 &13495652
GameObject:
  m_ObjectHideFlags: 0
  m_PrefabParentObject: {fileID: 0}
  m_PrefabInternal: {fileID: 0}
  serializedVersion: 4
  m_Component:
  - 4: {fileID: 13495653}
  - 108: {fileID: 13495654}
  m_Layer: 0
  m_Name: Fill Light
  m_TagString: Untagged
  m_Icon: {fileID: 0}
  m_NavMeshLayer: 0
  m_StaticEditorFlags: 0
  m_IsActive: 1
--- !u!4 &13495653
Transform:
  m_ObjectHideFlags: 0
  m_PrefabParentObject: {fileID: 0}
  m_PrefabInternal: {fileID: 0}
  m_GameObject: {fileID: 13495652}
  m_LocalRotation: {x: -.224143893, y: -.482962996, z: -.129409567, w: .836516261}
  m_LocalPosition: {x: 0, y: 0, z: 0}
  m_LocalScale: {x: 1, y: 1, z: 1}
  m_Children: []
  m_Father: {fileID: 1042375161}
  m_RootOrder: 0
--- !u!108 &13495654
Light:
  m_ObjectHideFlags: 0
  m_PrefabParentObject: {fileID: 0}
  m_PrefabInternal: {fileID: 0}
  m_GameObject: {fileID: 13495652}
  m_Enabled: 1
  serializedVersion: 6
  m_Type: 1
  m_Color: {r: .182742223, g: .827914298, b: .95588237, a: 1}
  m_Intensity: .200000003
  m_Range: 10
  m_SpotAngle: 30
  m_CookieSize: 10
  m_Shadows:
    m_Type: 0
    m_Resolution: 3
    m_Strength: 1
    m_Bias: .0500000007
    m_NormalBias: .400000006
  m_Cookie: {fileID: 0}
  m_DrawHalo: 0
  m_Flare: {fileID: 0}
  m_RenderMode: 0
  m_CullingMask:
    serializedVersion: 2
    m_Bits: 4294967295
  m_Lightmapping: 1
  m_BounceIntensity: 1
  m_ShadowRadius: 0
  m_ShadowAngle: 0
  m_AreaSize: {x: 1, y: 1}
--- !u!1 &60397177
GameObject:
  m_ObjectHideFlags: 0
  m_PrefabParentObject: {fileID: 0}
  m_PrefabInternal: {fileID: 0}
  serializedVersion: 4
  m_Component:
  - 4: {fileID: 60397179}
  - 108: {fileID: 60397178}
  m_Layer: 0
  m_Name: Blue light 1
  m_TagString: Untagged
  m_Icon: {fileID: 0}
  m_NavMeshLayer: 0
  m_StaticEditorFlags: 0
  m_IsActive: 1
--- !u!108 &60397178
Light:
  m_ObjectHideFlags: 0
  m_PrefabParentObject: {fileID: 0}
  m_PrefabInternal: {fileID: 0}
  m_GameObject: {fileID: 60397177}
  m_Enabled: 1
  serializedVersion: 6
  m_Type: 1
  m_Color: {r: 0, g: 0, b: 1, a: 1}
  m_Intensity: 8
  m_Range: 10
  m_SpotAngle: 30
  m_CookieSize: 10
  m_Shadows:
    m_Type: 1
    m_Resolution: -1
    m_Strength: 1
    m_Bias: .0500000007
    m_NormalBias: .400000006
  m_Cookie: {fileID: 0}
  m_DrawHalo: 0
  m_Flare: {fileID: 0}
  m_RenderMode: 0
  m_CullingMask:
    serializedVersion: 2
    m_Bits: 4294967295
  m_Lightmapping: 4
  m_BounceIntensity: 1.75999999
  m_ShadowRadius: 0
  m_ShadowAngle: 0
  m_AreaSize: {x: 1, y: 1}
--- !u!4 &60397179
Transform:
  m_ObjectHideFlags: 0
  m_PrefabParentObject: {fileID: 0}
  m_PrefabInternal: {fileID: 0}
  m_GameObject: {fileID: 60397177}
  m_LocalRotation: {x: 0, y: 0, z: 0, w: 1}
  m_LocalPosition: {x: 0, y: 1.69000006, z: 4.73000002}
  m_LocalScale: {x: 1, y: 1, z: 1}
  m_Children: []
  m_Father: {fileID: 1042375161}
  m_RootOrder: 3
--- !u!1001 &90334172
Prefab:
  m_ObjectHideFlags: 0
  serializedVersion: 2
  m_Modification:
    m_TransformParent: {fileID: 0}
    m_Modifications:
    - target: {fileID: 22475310, guid: acff09194a8434c0e94c2c9c11e83819, type: 2}
      propertyPath: m_AnchorMax.y
      value: 1
      objectReference: {fileID: 0}
    - target: {fileID: 454292, guid: acff09194a8434c0e94c2c9c11e83819, type: 2}
      propertyPath: m_LocalPosition.x
      value: 0
      objectReference: {fileID: 0}
    - target: {fileID: 454292, guid: acff09194a8434c0e94c2c9c11e83819, type: 2}
      propertyPath: m_LocalPosition.y
      value: 0
      objectReference: {fileID: 0}
    - target: {fileID: 454292, guid: acff09194a8434c0e94c2c9c11e83819, type: 2}
      propertyPath: m_LocalPosition.z
      value: 0
      objectReference: {fileID: 0}
    - target: {fileID: 454292, guid: acff09194a8434c0e94c2c9c11e83819, type: 2}
      propertyPath: m_LocalRotation.x
      value: 0
      objectReference: {fileID: 0}
    - target: {fileID: 454292, guid: acff09194a8434c0e94c2c9c11e83819, type: 2}
      propertyPath: m_LocalRotation.y
      value: 0
      objectReference: {fileID: 0}
    - target: {fileID: 454292, guid: acff09194a8434c0e94c2c9c11e83819, type: 2}
      propertyPath: m_LocalRotation.z
      value: 0
      objectReference: {fileID: 0}
    - target: {fileID: 454292, guid: acff09194a8434c0e94c2c9c11e83819, type: 2}
      propertyPath: m_LocalRotation.w
      value: 1
      objectReference: {fileID: 0}
    - target: {fileID: 454292, guid: acff09194a8434c0e94c2c9c11e83819, type: 2}
      propertyPath: m_RootOrder
      value: 2
      objectReference: {fileID: 0}
    m_RemovedComponents: []
  m_ParentPrefab: {fileID: 100100000, guid: acff09194a8434c0e94c2c9c11e83819, type: 2}
  m_IsPrefabParent: 0
--- !u!4 &135521865
Transform:
  m_PrefabParentObject: {fileID: 489242, guid: 6eb20736c3cf144aa93501b8ff6a9ebd, type: 2}
  m_PrefabInternal: {fileID: 1234896332}
--- !u!4 &174061016
Transform:
  m_PrefabParentObject: {fileID: 489242, guid: 6eb20736c3cf144aa93501b8ff6a9ebd, type: 2}
  m_PrefabInternal: {fileID: 965485975}
--- !u!1001 &175259045
Prefab:
  m_ObjectHideFlags: 0
  serializedVersion: 2
  m_Modification:
    m_TransformParent: {fileID: 4640628}
    m_Modifications:
    - target: {fileID: 400000, guid: fa1e156a37a9c4cdda99db3f4a809aa0, type: 2}
      propertyPath: m_LocalPosition.x
      value: 7.51000023
      objectReference: {fileID: 0}
    - target: {fileID: 400000, guid: fa1e156a37a9c4cdda99db3f4a809aa0, type: 2}
      propertyPath: m_LocalPosition.y
      value: .5
      objectReference: {fileID: 0}
    - target: {fileID: 400000, guid: fa1e156a37a9c4cdda99db3f4a809aa0, type: 2}
      propertyPath: m_LocalPosition.z
      value: 8.46000004
      objectReference: {fileID: 0}
    - target: {fileID: 400000, guid: fa1e156a37a9c4cdda99db3f4a809aa0, type: 2}
      propertyPath: m_LocalRotation.x
      value: .461939812
      objectReference: {fileID: 0}
    - target: {fileID: 400000, guid: fa1e156a37a9c4cdda99db3f4a809aa0, type: 2}
      propertyPath: m_LocalRotation.y
      value: .191341713
      objectReference: {fileID: 0}
    - target: {fileID: 400000, guid: fa1e156a37a9c4cdda99db3f4a809aa0, type: 2}
      propertyPath: m_LocalRotation.z
      value: .191341713
      objectReference: {fileID: 0}
    - target: {fileID: 400000, guid: fa1e156a37a9c4cdda99db3f4a809aa0, type: 2}
      propertyPath: m_LocalRotation.w
      value: .844623208
      objectReference: {fileID: 0}
    - target: {fileID: 400000, guid: fa1e156a37a9c4cdda99db3f4a809aa0, type: 2}
      propertyPath: m_LocalScale.z
      value: .49999997
      objectReference: {fileID: 0}
    - target: {fileID: 100000, guid: fa1e156a37a9c4cdda99db3f4a809aa0, type: 2}
      propertyPath: m_TagString
      value: PickUp
      objectReference: {fileID: 0}
    - target: {fileID: 6500000, guid: fa1e156a37a9c4cdda99db3f4a809aa0, type: 2}
      propertyPath: m_IsTrigger
      value: 1
      objectReference: {fileID: 0}
    - target: {fileID: 11400000, guid: fa1e156a37a9c4cdda99db3f4a809aa0, type: 2}
      propertyPath: rot
      value: 0
      objectReference: {fileID: 0}
    m_RemovedComponents: []
  m_ParentPrefab: {fileID: 100100000, guid: fa1e156a37a9c4cdda99db3f4a809aa0, type: 2}
  m_IsPrefabParent: 0
--- !u!1 &224189247
GameObject:
  m_ObjectHideFlags: 0
  m_PrefabParentObject: {fileID: 0}
  m_PrefabInternal: {fileID: 0}
  serializedVersion: 4
  m_Component:
  - 4: {fileID: 224189251}
  - 33: {fileID: 224189250}
  - 65: {fileID: 224189249}
  - 23: {fileID: 224189248}
  m_Layer: 0
  m_Name: South Wall
  m_TagString: Untagged
  m_Icon: {fileID: 0}
  m_NavMeshLayer: 0
  m_StaticEditorFlags: 0
  m_IsActive: 1
--- !u!23 &224189248
MeshRenderer:
  m_ObjectHideFlags: 0
  m_PrefabParentObject: {fileID: 0}
  m_PrefabInternal: {fileID: 0}
  m_GameObject: {fileID: 224189247}
  m_Enabled: 1
  m_CastShadows: 1
  m_ReceiveShadows: 1
  m_Materials:
  - {fileID: 10302, guid: 0000000000000000f000000000000000, type: 0}
  m_SubsetIndices: 
  m_StaticBatchRoot: {fileID: 0}
  m_UseLightProbes: 0
  m_ReflectionProbeUsage: 1
  m_ProbeAnchor: {fileID: 0}
  m_ScaleInLightmap: 1
  m_PreserveUVs: 0
  m_ImportantGI: 0
  m_AutoUVMaxDistance: .5
  m_AutoUVMaxAngle: 89
  m_LightmapParameters: {fileID: 0}
  m_SortingLayerID: 0
  m_SortingOrder: 0
--- !u!65 &224189249
BoxCollider:
  m_ObjectHideFlags: 0
  m_PrefabParentObject: {fileID: 0}
  m_PrefabInternal: {fileID: 0}
  m_GameObject: {fileID: 224189247}
  m_Material: {fileID: 0}
  m_IsTrigger: 0
  m_Enabled: 1
  serializedVersion: 2
  m_Size: {x: 1, y: 1, z: 1}
  m_Center: {x: 0, y: 0, z: 0}
--- !u!33 &224189250
MeshFilter:
  m_ObjectHideFlags: 0
  m_PrefabParentObject: {fileID: 0}
  m_PrefabInternal: {fileID: 0}
  m_GameObject: {fileID: 224189247}
  m_Mesh: {fileID: 10202, guid: 0000000000000000e000000000000000, type: 0}
--- !u!4 &224189251
Transform:
  m_ObjectHideFlags: 0
  m_PrefabParentObject: {fileID: 0}
  m_PrefabInternal: {fileID: 0}
  m_GameObject: {fileID: 224189247}
  m_LocalRotation: {x: 0, y: 0, z: 0, w: 1}
  m_LocalPosition: {x: 0, y: 0, z: -10}
  m_LocalScale: {x: 18, y: 2, z: .5}
  m_Children: []
  m_Father: {fileID: 1708120575}
  m_RootOrder: 0
--- !u!1 &235686841
GameObject:
  m_ObjectHideFlags: 0
  m_PrefabParentObject: {fileID: 0}
  m_PrefabInternal: {fileID: 0}
  serializedVersion: 4
  m_Component:
  - 4: {fileID: 235686845}
  - 114: {fileID: 235686844}
  - 114: {fileID: 235686843}
  - 114: {fileID: 235686842}
  m_Layer: 0
  m_Name: EventSystem
  m_TagString: Untagged
  m_Icon: {fileID: 0}
  m_NavMeshLayer: 0
  m_StaticEditorFlags: 0
  m_IsActive: 1
--- !u!114 &235686842
MonoBehaviour:
  m_ObjectHideFlags: 0
  m_PrefabParentObject: {fileID: 0}
  m_PrefabInternal: {fileID: 0}
  m_GameObject: {fileID: 235686841}
  m_Enabled: 1
  m_EditorHideFlags: 0
  m_Script: {fileID: 1997211142, guid: f5f67c52d1564df4a8936ccd202a3bd8, type: 3}
  m_Name: 
  m_EditorClassIdentifier: 
  m_AllowActivationOnStandalone: 0
--- !u!114 &235686843
MonoBehaviour:
  m_ObjectHideFlags: 0
  m_PrefabParentObject: {fileID: 0}
  m_PrefabInternal: {fileID: 0}
  m_GameObject: {fileID: 235686841}
  m_Enabled: 1
  m_EditorHideFlags: 0
  m_Script: {fileID: 1077351063, guid: f5f67c52d1564df4a8936ccd202a3bd8, type: 3}
  m_Name: 
  m_EditorClassIdentifier: 
  m_HorizontalAxis: Horizontal
  m_VerticalAxis: Vertical
  m_SubmitButton: Submit
  m_CancelButton: Cancel
  m_InputActionsPerSecond: 10
  m_AllowActivationOnMobileDevice: 0
--- !u!114 &235686844
MonoBehaviour:
  m_ObjectHideFlags: 0
  m_PrefabParentObject: {fileID: 0}
  m_PrefabInternal: {fileID: 0}
  m_GameObject: {fileID: 235686841}
  m_Enabled: 1
  m_EditorHideFlags: 0
  m_Script: {fileID: -619905303, guid: f5f67c52d1564df4a8936ccd202a3bd8, type: 3}
  m_Name: 
  m_EditorClassIdentifier: 
  m_FirstSelected: {fileID: 0}
  m_sendNavigationEvents: 1
  m_DragThreshold: 5
--- !u!4 &235686845
Transform:
  m_ObjectHideFlags: 0
  m_PrefabParentObject: {fileID: 0}
  m_PrefabInternal: {fileID: 0}
  m_GameObject: {fileID: 235686841}
  m_LocalRotation: {x: 0, y: 0, z: 0, w: 1}
  m_LocalPosition: {x: 0, y: 0, z: 0}
  m_LocalScale: {x: 1, y: 1, z: 1}
  m_Children: []
  m_Father: {fileID: 0}
  m_RootOrder: 0
--- !u!1001 &263850216
Prefab:
  m_ObjectHideFlags: 0
  serializedVersion: 2
  m_Modification:
    m_TransformParent: {fileID: 1754561114}
    m_Modifications:
    - target: {fileID: 489242, guid: 6eb20736c3cf144aa93501b8ff6a9ebd, type: 2}
      propertyPath: m_LocalPosition.x
      value: -2.07976079
      objectReference: {fileID: 0}
    - target: {fileID: 489242, guid: 6eb20736c3cf144aa93501b8ff6a9ebd, type: 2}
      propertyPath: m_LocalPosition.y
      value: -.156446606
      objectReference: {fileID: 0}
    - target: {fileID: 489242, guid: 6eb20736c3cf144aa93501b8ff6a9ebd, type: 2}
      propertyPath: m_LocalPosition.z
      value: -6.9217186
      objectReference: {fileID: 0}
    - target: {fileID: 489242, guid: 6eb20736c3cf144aa93501b8ff6a9ebd, type: 2}
      propertyPath: m_LocalRotation.x
      value: 0
      objectReference: {fileID: 0}
    - target: {fileID: 489242, guid: 6eb20736c3cf144aa93501b8ff6a9ebd, type: 2}
      propertyPath: m_LocalRotation.y
      value: 0
      objectReference: {fileID: 0}
    - target: {fileID: 489242, guid: 6eb20736c3cf144aa93501b8ff6a9ebd, type: 2}
      propertyPath: m_LocalRotation.z
      value: 0
      objectReference: {fileID: 0}
    - target: {fileID: 489242, guid: 6eb20736c3cf144aa93501b8ff6a9ebd, type: 2}
      propertyPath: m_LocalRotation.w
      value: 1
      objectReference: {fileID: 0}
    - target: {fileID: 489242, guid: 6eb20736c3cf144aa93501b8ff6a9ebd, type: 2}
      propertyPath: m_RootOrder
      value: 3
      objectReference: {fileID: 0}
    - target: {fileID: 148746, guid: 6eb20736c3cf144aa93501b8ff6a9ebd, type: 2}
      propertyPath: m_Name
      value: Enemy3
      objectReference: {fileID: 0}
    m_RemovedComponents: []
  m_ParentPrefab: {fileID: 100100000, guid: 6eb20736c3cf144aa93501b8ff6a9ebd, type: 2}
  m_IsPrefabParent: 0
--- !u!1001 &300104442
Prefab:
  m_ObjectHideFlags: 0
  serializedVersion: 2
  m_Modification:
    m_TransformParent: {fileID: 1754561114}
    m_Modifications:
    - target: {fileID: 489242, guid: 6eb20736c3cf144aa93501b8ff6a9ebd, type: 2}
      propertyPath: m_LocalPosition.x
      value: -.0299999993
      objectReference: {fileID: 0}
    - target: {fileID: 489242, guid: 6eb20736c3cf144aa93501b8ff6a9ebd, type: 2}
      propertyPath: m_LocalPosition.y
      value: -.159999996
      objectReference: {fileID: 0}
    - target: {fileID: 489242, guid: 6eb20736c3cf144aa93501b8ff6a9ebd, type: 2}
      propertyPath: m_LocalPosition.z
      value: -11.46
      objectReference: {fileID: 0}
    - target: {fileID: 489242, guid: 6eb20736c3cf144aa93501b8ff6a9ebd, type: 2}
      propertyPath: m_LocalRotation.x
      value: 0
      objectReference: {fileID: 0}
    - target: {fileID: 489242, guid: 6eb20736c3cf144aa93501b8ff6a9ebd, type: 2}
      propertyPath: m_LocalRotation.y
      value: 0
      objectReference: {fileID: 0}
    - target: {fileID: 489242, guid: 6eb20736c3cf144aa93501b8ff6a9ebd, type: 2}
      propertyPath: m_LocalRotation.z
      value: 0
      objectReference: {fileID: 0}
    - target: {fileID: 489242, guid: 6eb20736c3cf144aa93501b8ff6a9ebd, type: 2}
      propertyPath: m_LocalRotation.w
      value: 1
      objectReference: {fileID: 0}
    - target: {fileID: 489242, guid: 6eb20736c3cf144aa93501b8ff6a9ebd, type: 2}
      propertyPath: m_RootOrder
      value: 6
      objectReference: {fileID: 0}
    - target: {fileID: 148746, guid: 6eb20736c3cf144aa93501b8ff6a9ebd, type: 2}
      propertyPath: m_Name
      value: Enemy6
      objectReference: {fileID: 0}
    m_RemovedComponents: []
  m_ParentPrefab: {fileID: 100100000, guid: 6eb20736c3cf144aa93501b8ff6a9ebd, type: 2}
  m_IsPrefabParent: 0
--- !u!1001 &300157845
Prefab:
  m_ObjectHideFlags: 0
  serializedVersion: 2
  m_Modification:
    m_TransformParent: {fileID: 4640628}
    m_Modifications:
    - target: {fileID: 400000, guid: fa1e156a37a9c4cdda99db3f4a809aa0, type: 2}
      propertyPath: m_LocalPosition.x
      value: -2.77999997
      objectReference: {fileID: 0}
    - target: {fileID: 400000, guid: fa1e156a37a9c4cdda99db3f4a809aa0, type: 2}
      propertyPath: m_LocalPosition.y
      value: .5
      objectReference: {fileID: 0}
    - target: {fileID: 400000, guid: fa1e156a37a9c4cdda99db3f4a809aa0, type: 2}
      propertyPath: m_LocalPosition.z
      value: -4.53000021
      objectReference: {fileID: 0}
    - target: {fileID: 400000, guid: fa1e156a37a9c4cdda99db3f4a809aa0, type: 2}
      propertyPath: m_LocalRotation.x
      value: .461939812
      objectReference: {fileID: 0}
    - target: {fileID: 400000, guid: fa1e156a37a9c4cdda99db3f4a809aa0, type: 2}
      propertyPath: m_LocalRotation.y
      value: .191341713
      objectReference: {fileID: 0}
    - target: {fileID: 400000, guid: fa1e156a37a9c4cdda99db3f4a809aa0, type: 2}
      propertyPath: m_LocalRotation.z
      value: .191341713
      objectReference: {fileID: 0}
    - target: {fileID: 400000, guid: fa1e156a37a9c4cdda99db3f4a809aa0, type: 2}
      propertyPath: m_LocalRotation.w
      value: .844623208
      objectReference: {fileID: 0}
    - target: {fileID: 400000, guid: fa1e156a37a9c4cdda99db3f4a809aa0, type: 2}
      propertyPath: m_LocalScale.z
      value: .49999994
      objectReference: {fileID: 0}
    - target: {fileID: 400000, guid: fa1e156a37a9c4cdda99db3f4a809aa0, type: 2}
      propertyPath: m_LocalScale.y
      value: .49999994
      objectReference: {fileID: 0}
    - target: {fileID: 100000, guid: fa1e156a37a9c4cdda99db3f4a809aa0, type: 2}
      propertyPath: m_TagString
      value: PickUp
      objectReference: {fileID: 0}
    - target: {fileID: 6500000, guid: fa1e156a37a9c4cdda99db3f4a809aa0, type: 2}
      propertyPath: m_IsTrigger
      value: 1
      objectReference: {fileID: 0}
    - target: {fileID: 11400000, guid: fa1e156a37a9c4cdda99db3f4a809aa0, type: 2}
      propertyPath: rot
      value: 0
      objectReference: {fileID: 0}
    - target: {fileID: 400000, guid: fa1e156a37a9c4cdda99db3f4a809aa0, type: 2}
      propertyPath: m_RootOrder
      value: 1
      objectReference: {fileID: 0}
    m_RemovedComponents: []
  m_ParentPrefab: {fileID: 100100000, guid: fa1e156a37a9c4cdda99db3f4a809aa0, type: 2}
  m_IsPrefabParent: 0
--- !u!1001 &381266271
Prefab:
  m_ObjectHideFlags: 0
  serializedVersion: 2
  m_Modification:
    m_TransformParent: {fileID: 1754561114}
    m_Modifications:
    - target: {fileID: 489242, guid: 6eb20736c3cf144aa93501b8ff6a9ebd, type: 2}
      propertyPath: m_LocalPosition.x
      value: 1.47000003
      objectReference: {fileID: 0}
    - target: {fileID: 489242, guid: 6eb20736c3cf144aa93501b8ff6a9ebd, type: 2}
      propertyPath: m_LocalPosition.y
      value: -.159999996
      objectReference: {fileID: 0}
    - target: {fileID: 489242, guid: 6eb20736c3cf144aa93501b8ff6a9ebd, type: 2}
      propertyPath: m_LocalPosition.z
      value: -10.71
      objectReference: {fileID: 0}
    - target: {fileID: 489242, guid: 6eb20736c3cf144aa93501b8ff6a9ebd, type: 2}
      propertyPath: m_LocalRotation.x
      value: 0
      objectReference: {fileID: 0}
    - target: {fileID: 489242, guid: 6eb20736c3cf144aa93501b8ff6a9ebd, type: 2}
      propertyPath: m_LocalRotation.y
      value: 0
      objectReference: {fileID: 0}
    - target: {fileID: 489242, guid: 6eb20736c3cf144aa93501b8ff6a9ebd, type: 2}
      propertyPath: m_LocalRotation.z
      value: 0
      objectReference: {fileID: 0}
    - target: {fileID: 489242, guid: 6eb20736c3cf144aa93501b8ff6a9ebd, type: 2}
      propertyPath: m_LocalRotation.w
      value: 1
      objectReference: {fileID: 0}
    - target: {fileID: 489242, guid: 6eb20736c3cf144aa93501b8ff6a9ebd, type: 2}
      propertyPath: m_RootOrder
      value: 8
      objectReference: {fileID: 0}
    - target: {fileID: 148746, guid: 6eb20736c3cf144aa93501b8ff6a9ebd, type: 2}
      propertyPath: m_Name
      value: Enemy8
      objectReference: {fileID: 0}
    m_RemovedComponents: []
  m_ParentPrefab: {fileID: 100100000, guid: 6eb20736c3cf144aa93501b8ff6a9ebd, type: 2}
  m_IsPrefabParent: 0
--- !u!1001 &388222244
Prefab:
  m_ObjectHideFlags: 0
  serializedVersion: 2
  m_Modification:
    m_TransformParent: {fileID: 4640628}
    m_Modifications:
    - target: {fileID: 400000, guid: fa1e156a37a9c4cdda99db3f4a809aa0, type: 2}
      propertyPath: m_LocalPosition.x
      value: 3.51999998
      objectReference: {fileID: 0}
    - target: {fileID: 400000, guid: fa1e156a37a9c4cdda99db3f4a809aa0, type: 2}
      propertyPath: m_LocalPosition.y
      value: .469999999
      objectReference: {fileID: 0}
    - target: {fileID: 400000, guid: fa1e156a37a9c4cdda99db3f4a809aa0, type: 2}
      propertyPath: m_LocalPosition.z
      value: -.419999987
      objectReference: {fileID: 0}
    - target: {fileID: 400000, guid: fa1e156a37a9c4cdda99db3f4a809aa0, type: 2}
      propertyPath: m_LocalRotation.x
      value: .461939931
      objectReference: {fileID: 0}
    - target: {fileID: 400000, guid: fa1e156a37a9c4cdda99db3f4a809aa0, type: 2}
      propertyPath: m_LocalRotation.y
      value: .191341966
      objectReference: {fileID: 0}
    - target: {fileID: 400000, guid: fa1e156a37a9c4cdda99db3f4a809aa0, type: 2}
      propertyPath: m_LocalRotation.z
      value: .191341966
      objectReference: {fileID: 0}
    - target: {fileID: 400000, guid: fa1e156a37a9c4cdda99db3f4a809aa0, type: 2}
      propertyPath: m_LocalRotation.w
      value: .84462291
      objectReference: {fileID: 0}
    - target: {fileID: 400000, guid: fa1e156a37a9c4cdda99db3f4a809aa0, type: 2}
      propertyPath: m_LocalScale.z
      value: .49999994
      objectReference: {fileID: 0}
    - target: {fileID: 400000, guid: fa1e156a37a9c4cdda99db3f4a809aa0, type: 2}
      propertyPath: m_LocalScale.y
      value: .49999994
      objectReference: {fileID: 0}
    - target: {fileID: 100000, guid: fa1e156a37a9c4cdda99db3f4a809aa0, type: 2}
      propertyPath: m_TagString
      value: PickUp
      objectReference: {fileID: 0}
    - target: {fileID: 6500000, guid: fa1e156a37a9c4cdda99db3f4a809aa0, type: 2}
      propertyPath: m_IsTrigger
      value: 1
      objectReference: {fileID: 0}
    - target: {fileID: 11400000, guid: fa1e156a37a9c4cdda99db3f4a809aa0, type: 2}
      propertyPath: rot
      value: 0
      objectReference: {fileID: 0}
    - target: {fileID: 400000, guid: fa1e156a37a9c4cdda99db3f4a809aa0, type: 2}
      propertyPath: m_RootOrder
      value: 2
      objectReference: {fileID: 0}
    m_RemovedComponents: []
  m_ParentPrefab: {fileID: 100100000, guid: fa1e156a37a9c4cdda99db3f4a809aa0, type: 2}
  m_IsPrefabParent: 0
--- !u!1 &405253728
GameObject:
  m_PrefabParentObject: {fileID: 100000, guid: fa1e156a37a9c4cdda99db3f4a809aa0, type: 2}
  m_PrefabInternal: {fileID: 300157845}
--- !u!4 &405253733
Transform:
  m_PrefabParentObject: {fileID: 400000, guid: fa1e156a37a9c4cdda99db3f4a809aa0, type: 2}
  m_PrefabInternal: {fileID: 300157845}
--- !u!54 &405253734
Rigidbody:
  m_ObjectHideFlags: 0
  m_PrefabParentObject: {fileID: 0}
  m_PrefabInternal: {fileID: 0}
  m_GameObject: {fileID: 405253728}
  serializedVersion: 2
  m_Mass: 1
  m_Drag: 0
  m_AngularDrag: .0500000007
  m_UseGravity: 1
  m_IsKinematic: 1
  m_Interpolate: 0
  m_Constraints: 0
  m_CollisionDetection: 0
--- !u!1 &684308562
GameObject:
  m_PrefabParentObject: {fileID: 100000, guid: fa1e156a37a9c4cdda99db3f4a809aa0, type: 2}
  m_PrefabInternal: {fileID: 175259045}
--- !u!4 &684308567
Transform:
  m_PrefabParentObject: {fileID: 400000, guid: fa1e156a37a9c4cdda99db3f4a809aa0, type: 2}
  m_PrefabInternal: {fileID: 175259045}
--- !u!54 &684308568
Rigidbody:
  m_ObjectHideFlags: 0
  m_PrefabParentObject: {fileID: 0}
  m_PrefabInternal: {fileID: 0}
  m_GameObject: {fileID: 684308562}
  serializedVersion: 2
  m_Mass: 1
  m_Drag: 0
  m_AngularDrag: .0500000007
  m_UseGravity: 1
  m_IsKinematic: 1
  m_Interpolate: 0
  m_Constraints: 0
  m_CollisionDetection: 0
--- !u!1 &706880201
GameObject:
  m_ObjectHideFlags: 0
  m_PrefabParentObject: {fileID: 0}
  m_PrefabInternal: {fileID: 0}
  serializedVersion: 4
  m_Component:
  - 4: {fileID: 706880202}
  - 33: {fileID: 706880205}
  - 65: {fileID: 706880204}
  - 23: {fileID: 706880203}
  m_Layer: 0
  m_Name: West Wall
  m_TagString: Untagged
  m_Icon: {fileID: 0}
  m_NavMeshLayer: 0
  m_StaticEditorFlags: 0
  m_IsActive: 1
--- !u!4 &706880202
Transform:
  m_ObjectHideFlags: 0
  m_PrefabParentObject: {fileID: 0}
  m_PrefabInternal: {fileID: 0}
  m_GameObject: {fileID: 706880201}
  m_LocalRotation: {x: 0, y: 0, z: 0, w: 1}
  m_LocalPosition: {x: -9.28999996, y: 0, z: 0}
  m_LocalScale: {x: .5, y: 2, z: 20.5}
  m_Children: []
  m_Father: {fileID: 1708120575}
  m_RootOrder: 1
--- !u!23 &706880203
MeshRenderer:
  m_ObjectHideFlags: 0
  m_PrefabParentObject: {fileID: 0}
  m_PrefabInternal: {fileID: 0}
  m_GameObject: {fileID: 706880201}
  m_Enabled: 1
  m_CastShadows: 1
  m_ReceiveShadows: 1
  m_Materials:
  - {fileID: 10302, guid: 0000000000000000f000000000000000, type: 0}
  m_SubsetIndices: 
  m_StaticBatchRoot: {fileID: 0}
  m_UseLightProbes: 0
  m_ReflectionProbeUsage: 1
  m_ProbeAnchor: {fileID: 0}
  m_ScaleInLightmap: 1
  m_PreserveUVs: 0
  m_ImportantGI: 0
  m_AutoUVMaxDistance: .5
  m_AutoUVMaxAngle: 89
  m_LightmapParameters: {fileID: 0}
  m_SortingLayerID: 0
  m_SortingOrder: 0
--- !u!65 &706880204
BoxCollider:
  m_ObjectHideFlags: 0
  m_PrefabParentObject: {fileID: 0}
  m_PrefabInternal: {fileID: 0}
  m_GameObject: {fileID: 706880201}
  m_Material: {fileID: 0}
  m_IsTrigger: 0
  m_Enabled: 1
  serializedVersion: 2
  m_Size: {x: 1, y: 1, z: 1}
  m_Center: {x: 0, y: 0, z: 0}
--- !u!33 &706880205
MeshFilter:
  m_ObjectHideFlags: 0
  m_PrefabParentObject: {fileID: 0}
  m_PrefabInternal: {fileID: 0}
  m_GameObject: {fileID: 706880201}
  m_Mesh: {fileID: 10202, guid: 0000000000000000e000000000000000, type: 0}
--- !u!1001 &725327371
Prefab:
  m_ObjectHideFlags: 0
  serializedVersion: 2
  m_Modification:
    m_TransformParent: {fileID: 1754561114}
    m_Modifications:
    - target: {fileID: 489242, guid: 6eb20736c3cf144aa93501b8ff6a9ebd, type: 2}
      propertyPath: m_LocalPosition.x
      value: 1.82451427
      objectReference: {fileID: 0}
    - target: {fileID: 489242, guid: 6eb20736c3cf144aa93501b8ff6a9ebd, type: 2}
      propertyPath: m_LocalPosition.y
      value: -.156446621
      objectReference: {fileID: 0}
    - target: {fileID: 489242, guid: 6eb20736c3cf144aa93501b8ff6a9ebd, type: 2}
      propertyPath: m_LocalPosition.z
      value: -6.84666252
      objectReference: {fileID: 0}
    - target: {fileID: 489242, guid: 6eb20736c3cf144aa93501b8ff6a9ebd, type: 2}
      propertyPath: m_LocalRotation.x
      value: 0
      objectReference: {fileID: 0}
    - target: {fileID: 489242, guid: 6eb20736c3cf144aa93501b8ff6a9ebd, type: 2}
      propertyPath: m_LocalRotation.y
      value: 0
      objectReference: {fileID: 0}
    - target: {fileID: 489242, guid: 6eb20736c3cf144aa93501b8ff6a9ebd, type: 2}
      propertyPath: m_LocalRotation.z
      value: 0
      objectReference: {fileID: 0}
    - target: {fileID: 489242, guid: 6eb20736c3cf144aa93501b8ff6a9ebd, type: 2}
      propertyPath: m_LocalRotation.w
      value: 1
      objectReference: {fileID: 0}
    - target: {fileID: 489242, guid: 6eb20736c3cf144aa93501b8ff6a9ebd, type: 2}
      propertyPath: m_RootOrder
      value: 4
      objectReference: {fileID: 0}
    - target: {fileID: 148746, guid: 6eb20736c3cf144aa93501b8ff6a9ebd, type: 2}
      propertyPath: m_Name
      value: Enemy4
      objectReference: {fileID: 0}
    m_RemovedComponents: []
  m_ParentPrefab: {fileID: 100100000, guid: 6eb20736c3cf144aa93501b8ff6a9ebd, type: 2}
  m_IsPrefabParent: 0
--- !u!4 &727893139
Transform:
  m_PrefabParentObject: {fileID: 489242, guid: 6eb20736c3cf144aa93501b8ff6a9ebd, type: 2}
  m_PrefabInternal: {fileID: 300104442}
--- !u!1 &861050863
GameObject:
  m_ObjectHideFlags: 0
  m_PrefabParentObject: {fileID: 0}
  m_PrefabInternal: {fileID: 0}
  serializedVersion: 4
  m_Component:
  - 4: {fileID: 861050864}
  - 33: {fileID: 861050867}
  - 65: {fileID: 861050866}
  - 23: {fileID: 861050865}
  m_Layer: 0
  m_Name: North Wall
  m_TagString: Untagged
  m_Icon: {fileID: 0}
  m_NavMeshLayer: 0
  m_StaticEditorFlags: 0
  m_IsActive: 1
--- !u!4 &861050864
Transform:
  m_ObjectHideFlags: 0
  m_PrefabParentObject: {fileID: 0}
  m_PrefabInternal: {fileID: 0}
  m_GameObject: {fileID: 861050863}
  m_LocalRotation: {x: 0, y: 0, z: 0, w: 1}
  m_LocalPosition: {x: 0, y: 0, z: 10}
  m_LocalScale: {x: 18, y: 2, z: .5}
  m_Children: []
  m_Father: {fileID: 1708120575}
  m_RootOrder: 2
--- !u!23 &861050865
MeshRenderer:
  m_ObjectHideFlags: 0
  m_PrefabParentObject: {fileID: 0}
  m_PrefabInternal: {fileID: 0}
  m_GameObject: {fileID: 861050863}
  m_Enabled: 1
  m_CastShadows: 1
  m_ReceiveShadows: 1
  m_Materials:
  - {fileID: 10302, guid: 0000000000000000f000000000000000, type: 0}
  m_SubsetIndices: 
  m_StaticBatchRoot: {fileID: 0}
  m_UseLightProbes: 0
  m_ReflectionProbeUsage: 1
  m_ProbeAnchor: {fileID: 0}
  m_ScaleInLightmap: 1
  m_PreserveUVs: 0
  m_ImportantGI: 0
  m_AutoUVMaxDistance: .5
  m_AutoUVMaxAngle: 89
  m_LightmapParameters: {fileID: 0}
  m_SortingLayerID: 0
  m_SortingOrder: 0
--- !u!65 &861050866
BoxCollider:
  m_ObjectHideFlags: 0
  m_PrefabParentObject: {fileID: 0}
  m_PrefabInternal: {fileID: 0}
  m_GameObject: {fileID: 861050863}
  m_Material: {fileID: 0}
  m_IsTrigger: 0
  m_Enabled: 1
  serializedVersion: 2
  m_Size: {x: 1, y: 1, z: 1}
  m_Center: {x: 0, y: 0, z: 0}
--- !u!33 &861050867
MeshFilter:
  m_ObjectHideFlags: 0
  m_PrefabParentObject: {fileID: 0}
  m_PrefabInternal: {fileID: 0}
  m_GameObject: {fileID: 861050863}
  m_Mesh: {fileID: 10202, guid: 0000000000000000e000000000000000, type: 0}
--- !u!1 &887639257
GameObject:
  m_ObjectHideFlags: 0
  m_PrefabParentObject: {fileID: 0}
  m_PrefabInternal: {fileID: 0}
  serializedVersion: 4
  m_Component:
  - 4: {fileID: 887639259}
  - 108: {fileID: 887639258}
  m_Layer: 0
  m_Name: Blue light 3
  m_TagString: Untagged
  m_Icon: {fileID: 0}
  m_NavMeshLayer: 0
  m_StaticEditorFlags: 0
  m_IsActive: 1
--- !u!108 &887639258
Light:
  m_ObjectHideFlags: 0
  m_PrefabParentObject: {fileID: 0}
  m_PrefabInternal: {fileID: 0}
  m_GameObject: {fileID: 887639257}
  m_Enabled: 1
  serializedVersion: 6
  m_Type: 1
  m_Color: {r: 0, g: 0, b: 1, a: 1}
  m_Intensity: 8
  m_Range: 10
  m_SpotAngle: 30
  m_CookieSize: 10
  m_Shadows:
    m_Type: 1
    m_Resolution: -1
    m_Strength: 1
    m_Bias: .0500000007
    m_NormalBias: .400000006
  m_Cookie: {fileID: 0}
  m_DrawHalo: 0
  m_Flare: {fileID: 0}
  m_RenderMode: 0
  m_CullingMask:
    serializedVersion: 2
    m_Bits: 4294967295
  m_Lightmapping: 4
  m_BounceIntensity: 1.75999999
  m_ShadowRadius: 0
  m_ShadowAngle: 0
  m_AreaSize: {x: 1, y: 1}
--- !u!4 &887639259
Transform:
  m_ObjectHideFlags: 0
  m_PrefabParentObject: {fileID: 0}
  m_PrefabInternal: {fileID: 0}
  m_GameObject: {fileID: 887639257}
  m_LocalRotation: {x: 0, y: .70710659, z: 0, w: -.707106948}
  m_LocalPosition: {x: 0, y: 1.69000006, z: 4.73000002}
  m_LocalScale: {x: 1, y: 1, z: 1}
  m_Children: []
  m_Father: {fileID: 1042375161}
  m_RootOrder: 5
--- !u!1 &903246372
GameObject:
  m_ObjectHideFlags: 0
  m_PrefabParentObject: {fileID: 0}
  m_PrefabInternal: {fileID: 0}
  serializedVersion: 4
  m_Component:
  - 4: {fileID: 903246373}
  - 108: {fileID: 903246374}
  m_Layer: 0
  m_Name: Main Light
  m_TagString: Untagged
  m_Icon: {fileID: 0}
  m_NavMeshLayer: 0
  m_StaticEditorFlags: 0
  m_IsActive: 1
--- !u!4 &903246373
Transform:
  m_ObjectHideFlags: 0
  m_PrefabParentObject: {fileID: 0}
  m_PrefabInternal: {fileID: 0}
  m_GameObject: {fileID: 903246372}
  m_LocalRotation: {x: .365998179, y: .453153968, z: -.211309195, w: .784885526}
  m_LocalPosition: {x: 0, y: 0, z: 0}
  m_LocalScale: {x: 1, y: 1, z: 1}
  m_Children: []
  m_Father: {fileID: 1042375161}
  m_RootOrder: 1
--- !u!108 &903246374
Light:
  m_ObjectHideFlags: 0
  m_PrefabParentObject: {fileID: 0}
  m_PrefabInternal: {fileID: 0}
  m_GameObject: {fileID: 903246372}
  m_Enabled: 1
  serializedVersion: 6
  m_Type: 1
  m_Color: {r: 1, g: 1, b: 1, a: 1}
  m_Intensity: 1
  m_Range: 10
  m_SpotAngle: 30
  m_CookieSize: 10
  m_Shadows:
    m_Type: 2
    m_Resolution: 3
    m_Strength: 1
    m_Bias: .0500000007
    m_NormalBias: .400000006
  m_Cookie: {fileID: 0}
  m_DrawHalo: 0
  m_Flare: {fileID: 0}
  m_RenderMode: 0
  m_CullingMask:
    serializedVersion: 2
    m_Bits: 4294967295
  m_Lightmapping: 1
  m_BounceIntensity: 1
  m_ShadowRadius: 0
  m_ShadowAngle: 0
  m_AreaSize: {x: 1, y: 1}
--- !u!1001 &965485975
Prefab:
  m_ObjectHideFlags: 0
  serializedVersion: 2
  m_Modification:
    m_TransformParent: {fileID: 1754561114}
    m_Modifications:
    - target: {fileID: 489242, guid: 6eb20736c3cf144aa93501b8ff6a9ebd, type: 2}
      propertyPath: m_LocalPosition.x
      value: 2.73000002
      objectReference: {fileID: 0}
    - target: {fileID: 489242, guid: 6eb20736c3cf144aa93501b8ff6a9ebd, type: 2}
      propertyPath: m_LocalPosition.y
      value: -.159999996
      objectReference: {fileID: 0}
    - target: {fileID: 489242, guid: 6eb20736c3cf144aa93501b8ff6a9ebd, type: 2}
      propertyPath: m_LocalPosition.z
      value: -8.82999992
      objectReference: {fileID: 0}
    - target: {fileID: 489242, guid: 6eb20736c3cf144aa93501b8ff6a9ebd, type: 2}
      propertyPath: m_LocalRotation.x
      value: 0
      objectReference: {fileID: 0}
    - target: {fileID: 489242, guid: 6eb20736c3cf144aa93501b8ff6a9ebd, type: 2}
      propertyPath: m_LocalRotation.y
      value: 0
      objectReference: {fileID: 0}
    - target: {fileID: 489242, guid: 6eb20736c3cf144aa93501b8ff6a9ebd, type: 2}
      propertyPath: m_LocalRotation.z
      value: 0
      objectReference: {fileID: 0}
    - target: {fileID: 489242, guid: 6eb20736c3cf144aa93501b8ff6a9ebd, type: 2}
      propertyPath: m_LocalRotation.w
      value: 1
      objectReference: {fileID: 0}
    - target: {fileID: 489242, guid: 6eb20736c3cf144aa93501b8ff6a9ebd, type: 2}
      propertyPath: m_RootOrder
      value: 0
      objectReference: {fileID: 0}
    - target: {fileID: 148746, guid: 6eb20736c3cf144aa93501b8ff6a9ebd, type: 2}
      propertyPath: m_Name
      value: Enemy9
      objectReference: {fileID: 0}
    m_RemovedComponents: []
  m_ParentPrefab: {fileID: 100100000, guid: 6eb20736c3cf144aa93501b8ff6a9ebd, type: 2}
  m_IsPrefabParent: 0
--- !u!1001 &992206606
Prefab:
  m_ObjectHideFlags: 0
  serializedVersion: 2
  m_Modification:
    m_TransformParent: {fileID: 1173833884}
    m_Modifications:
    - target: {fileID: 411770, guid: 945265284481b4126915caf21ef1c5e5, type: 2}
      propertyPath: m_LocalPosition.x
      value: .0199999996
      objectReference: {fileID: 0}
    - target: {fileID: 411770, guid: 945265284481b4126915caf21ef1c5e5, type: 2}
      propertyPath: m_LocalPosition.y
      value: 0
      objectReference: {fileID: 0}
    - target: {fileID: 411770, guid: 945265284481b4126915caf21ef1c5e5, type: 2}
      propertyPath: m_LocalPosition.z
      value: -24.9899998
      objectReference: {fileID: 0}
    - target: {fileID: 411770, guid: 945265284481b4126915caf21ef1c5e5, type: 2}
      propertyPath: m_LocalRotation.x
      value: 0
      objectReference: {fileID: 0}
    - target: {fileID: 411770, guid: 945265284481b4126915caf21ef1c5e5, type: 2}
      propertyPath: m_LocalRotation.y
      value: 0
      objectReference: {fileID: 0}
    - target: {fileID: 411770, guid: 945265284481b4126915caf21ef1c5e5, type: 2}
      propertyPath: m_LocalRotation.z
      value: 0
      objectReference: {fileID: 0}
    - target: {fileID: 411770, guid: 945265284481b4126915caf21ef1c5e5, type: 2}
      propertyPath: m_LocalRotation.w
      value: 1
      objectReference: {fileID: 0}
    - target: {fileID: 411770, guid: 945265284481b4126915caf21ef1c5e5, type: 2}
      propertyPath: m_RootOrder
      value: 5
      objectReference: {fileID: 0}
    - target: {fileID: 411770, guid: 945265284481b4126915caf21ef1c5e5, type: 2}
      propertyPath: m_LocalScale.x
      value: .25
      objectReference: {fileID: 0}
    - target: {fileID: 411770, guid: 945265284481b4126915caf21ef1c5e5, type: 2}
      propertyPath: m_LocalScale.z
      value: .25
      objectReference: {fileID: 0}
    - target: {fileID: 6596262, guid: 945265284481b4126915caf21ef1c5e5, type: 2}
      propertyPath: m_Size.y
      value: 10
      objectReference: {fileID: 0}
    - target: {fileID: 6596262, guid: 945265284481b4126915caf21ef1c5e5, type: 2}
      propertyPath: m_IsTrigger
      value: 1
      objectReference: {fileID: 0}
    m_RemovedComponents: []
  m_ParentPrefab: {fileID: 100100000, guid: 945265284481b4126915caf21ef1c5e5, type: 2}
  m_IsPrefabParent: 0
--- !u!1 &1042375160
GameObject:
  m_ObjectHideFlags: 0
  m_PrefabParentObject: {fileID: 0}
  m_PrefabInternal: {fileID: 0}
  serializedVersion: 4
  m_Component:
  - 4: {fileID: 1042375161}
  m_Layer: 0
  m_Name: Lights
  m_TagString: Untagged
  m_Icon: {fileID: 0}
  m_NavMeshLayer: 0
  m_StaticEditorFlags: 0
  m_IsActive: 1
--- !u!4 &1042375161
Transform:
  m_ObjectHideFlags: 0
  m_PrefabParentObject: {fileID: 0}
  m_PrefabInternal: {fileID: 0}
  m_GameObject: {fileID: 1042375160}
  m_LocalRotation: {x: 0, y: 0, z: 0, w: 1}
  m_LocalPosition: {x: 0, y: 1.2835815, z: -24.7800007}
  m_LocalScale: {x: 1, y: 1, z: 1}
  m_Children:
  - {fileID: 13495653}
  - {fileID: 903246373}
  - {fileID: 1166704061}
  - {fileID: 60397179}
  - {fileID: 1830875108}
  - {fileID: 887639259}
  m_Father: {fileID: 1173833884}
  m_RootOrder: 2
--- !u!4 &1077631818
Transform:
  m_PrefabParentObject: {fileID: 489242, guid: 6eb20736c3cf144aa93501b8ff6a9ebd, type: 2}
  m_PrefabInternal: {fileID: 1772094869}
--- !u!1 &1166704060
GameObject:
  m_ObjectHideFlags: 0
  m_PrefabParentObject: {fileID: 0}
  m_PrefabInternal: {fileID: 0}
  serializedVersion: 4
  m_Component:
  - 4: {fileID: 1166704061}
  - 108: {fileID: 1166704062}
  m_Layer: 0
  m_Name: Blue light
  m_TagString: Untagged
  m_Icon: {fileID: 0}
  m_NavMeshLayer: 0
  m_StaticEditorFlags: 0
  m_IsActive: 1
--- !u!4 &1166704061
Transform:
  m_ObjectHideFlags: 0
  m_PrefabParentObject: {fileID: 0}
  m_PrefabInternal: {fileID: 0}
  m_GameObject: {fileID: 1166704060}
  m_LocalRotation: {x: 0, y: 1, z: 0, w: -1.62920685e-07}
  m_LocalPosition: {x: 0, y: 1.69000006, z: 4.73000002}
  m_LocalScale: {x: 1, y: 1, z: 1}
  m_Children: []
  m_Father: {fileID: 1042375161}
  m_RootOrder: 2
--- !u!108 &1166704062
Light:
  m_ObjectHideFlags: 0
  m_PrefabParentObject: {fileID: 0}
  m_PrefabInternal: {fileID: 0}
  m_GameObject: {fileID: 1166704060}
  m_Enabled: 1
  serializedVersion: 6
  m_Type: 1
  m_Color: {r: 0, g: 0, b: 1, a: 1}
  m_Intensity: 8
  m_Range: 10
  m_SpotAngle: 30
  m_CookieSize: 10
  m_Shadows:
    m_Type: 1
    m_Resolution: -1
    m_Strength: 1
    m_Bias: .0500000007
    m_NormalBias: .400000006
  m_Cookie: {fileID: 0}
  m_DrawHalo: 0
  m_Flare: {fileID: 0}
  m_RenderMode: 0
  m_CullingMask:
    serializedVersion: 2
    m_Bits: 4294967295
  m_Lightmapping: 4
  m_BounceIntensity: 1.75999999
  m_ShadowRadius: 0
  m_ShadowAngle: 0
  m_AreaSize: {x: 1, y: 1}
--- !u!1 &1173833883
GameObject:
  m_ObjectHideFlags: 0
  m_PrefabParentObject: {fileID: 0}
  m_PrefabInternal: {fileID: 0}
  serializedVersion: 4
  m_Component:
  - 4: {fileID: 1173833884}
  m_Layer: 0
  m_Name: Course
  m_TagString: Untagged
  m_Icon: {fileID: 0}
  m_NavMeshLayer: 0
  m_StaticEditorFlags: 0
  m_IsActive: 1
--- !u!4 &1173833884
Transform:
  m_ObjectHideFlags: 0
  m_PrefabParentObject: {fileID: 0}
  m_PrefabInternal: {fileID: 0}
  m_GameObject: {fileID: 1173833883}
  m_LocalRotation: {x: 0, y: 0, z: 0, w: 1}
  m_LocalPosition: {x: 0, y: 0, z: 16}
  m_LocalScale: {x: 1, y: 1, z: 1}
  m_Children:
  - {fileID: 1754561114}
  - {fileID: 1931902767}
  - {fileID: 1042375161}
  - {fileID: 1708120575}
  - {fileID: 4640628}
  - {fileID: 1338321447}
  m_Father: {fileID: 0}
  m_RootOrder: 2
--- !u!1001 &1234896332
Prefab:
  m_ObjectHideFlags: 0
  serializedVersion: 2
  m_Modification:
    m_TransformParent: {fileID: 1754561114}
    m_Modifications:
    - target: {fileID: 489242, guid: 6eb20736c3cf144aa93501b8ff6a9ebd, type: 2}
      propertyPath: m_LocalPosition.x
      value: 1.29999995
      objectReference: {fileID: 0}
    - target: {fileID: 489242, guid: 6eb20736c3cf144aa93501b8ff6a9ebd, type: 2}
      propertyPath: m_LocalPosition.y
      value: -.159999996
      objectReference: {fileID: 0}
    - target: {fileID: 489242, guid: 6eb20736c3cf144aa93501b8ff6a9ebd, type: 2}
      propertyPath: m_LocalPosition.z
      value: -14.8999996
      objectReference: {fileID: 0}
    - target: {fileID: 489242, guid: 6eb20736c3cf144aa93501b8ff6a9ebd, type: 2}
      propertyPath: m_LocalRotation.x
      value: 0
      objectReference: {fileID: 0}
    - target: {fileID: 489242, guid: 6eb20736c3cf144aa93501b8ff6a9ebd, type: 2}
      propertyPath: m_LocalRotation.y
      value: 0
      objectReference: {fileID: 0}
    - target: {fileID: 489242, guid: 6eb20736c3cf144aa93501b8ff6a9ebd, type: 2}
      propertyPath: m_LocalRotation.z
      value: 0
      objectReference: {fileID: 0}
    - target: {fileID: 489242, guid: 6eb20736c3cf144aa93501b8ff6a9ebd, type: 2}
      propertyPath: m_LocalRotation.w
      value: 1
      objectReference: {fileID: 0}
    - target: {fileID: 489242, guid: 6eb20736c3cf144aa93501b8ff6a9ebd, type: 2}
      propertyPath: m_RootOrder
      value: 7
      objectReference: {fileID: 0}
    - target: {fileID: 148746, guid: 6eb20736c3cf144aa93501b8ff6a9ebd, type: 2}
      propertyPath: m_Name
      value: Enemy7
      objectReference: {fileID: 0}
    m_RemovedComponents: []
  m_ParentPrefab: {fileID: 100100000, guid: 6eb20736c3cf144aa93501b8ff6a9ebd, type: 2}
  m_IsPrefabParent: 0
--- !u!4 &1338321447
Transform:
  m_PrefabParentObject: {fileID: 411770, guid: 945265284481b4126915caf21ef1c5e5, type: 2}
  m_PrefabInternal: {fileID: 992206606}
--- !u!4 &1412010471
Transform:
  m_PrefabParentObject: {fileID: 489242, guid: 6eb20736c3cf144aa93501b8ff6a9ebd, type: 2}
  m_PrefabInternal: {fileID: 381266271}
--- !u!1 &1432380275
GameObject:
  m_PrefabParentObject: {fileID: 100000, guid: fa1e156a37a9c4cdda99db3f4a809aa0, type: 2}
  m_PrefabInternal: {fileID: 388222244}
--- !u!4 &1432380276
Transform:
  m_PrefabParentObject: {fileID: 400000, guid: fa1e156a37a9c4cdda99db3f4a809aa0, type: 2}
  m_PrefabInternal: {fileID: 388222244}
--- !u!54 &1432380281
Rigidbody:
  m_ObjectHideFlags: 0
  m_PrefabParentObject: {fileID: 0}
  m_PrefabInternal: {fileID: 0}
  m_GameObject: {fileID: 1432380275}
  serializedVersion: 2
  m_Mass: 1
  m_Drag: 0
  m_AngularDrag: .0500000007
  m_UseGravity: 1
  m_IsKinematic: 1
  m_Interpolate: 0
  m_Constraints: 0
  m_CollisionDetection: 0
--- !u!1 &1488730852
GameObject:
  m_ObjectHideFlags: 0
  m_PrefabParentObject: {fileID: 0}
  m_PrefabInternal: {fileID: 0}
  serializedVersion: 4
  m_Component:
  - 4: {fileID: 1488730853}
  - 33: {fileID: 1488730856}
  - 65: {fileID: 1488730855}
  - 23: {fileID: 1488730854}
  m_Layer: 0
  m_Name: East Wall
  m_TagString: Untagged
  m_Icon: {fileID: 0}
  m_NavMeshLayer: 0
  m_StaticEditorFlags: 0
  m_IsActive: 1
--- !u!4 &1488730853
Transform:
  m_ObjectHideFlags: 0
  m_PrefabParentObject: {fileID: 0}
  m_PrefabInternal: {fileID: 0}
  m_GameObject: {fileID: 1488730852}
  m_LocalRotation: {x: 0, y: 0, z: 0, w: 1}
  m_LocalPosition: {x: 9.26000023, y: 0, z: 0}
  m_LocalScale: {x: .5, y: 2, z: 20.5}
  m_Children: []
  m_Father: {fileID: 1708120575}
  m_RootOrder: 3
--- !u!23 &1488730854
MeshRenderer:
  m_ObjectHideFlags: 0
  m_PrefabParentObject: {fileID: 0}
  m_PrefabInternal: {fileID: 0}
  m_GameObject: {fileID: 1488730852}
  m_Enabled: 1
  m_CastShadows: 1
  m_ReceiveShadows: 1
  m_Materials:
  - {fileID: 10302, guid: 0000000000000000f000000000000000, type: 0}
  m_SubsetIndices: 
  m_StaticBatchRoot: {fileID: 0}
  m_UseLightProbes: 0
  m_ReflectionProbeUsage: 1
  m_ProbeAnchor: {fileID: 0}
  m_ScaleInLightmap: 1
  m_PreserveUVs: 0
  m_ImportantGI: 0
  m_AutoUVMaxDistance: .5
  m_AutoUVMaxAngle: 89
  m_LightmapParameters: {fileID: 0}
  m_SortingLayerID: 0
  m_SortingOrder: 0
--- !u!65 &1488730855
BoxCollider:
  m_ObjectHideFlags: 0
  m_PrefabParentObject: {fileID: 0}
  m_PrefabInternal: {fileID: 0}
  m_GameObject: {fileID: 1488730852}
  m_Material: {fileID: 0}
  m_IsTrigger: 0
  m_Enabled: 1
  serializedVersion: 2
  m_Size: {x: 1, y: 1, z: 1}
  m_Center: {x: 0, y: 0, z: 0}
--- !u!33 &1488730856
MeshFilter:
  m_ObjectHideFlags: 0
  m_PrefabParentObject: {fileID: 0}
  m_PrefabInternal: {fileID: 0}
  m_GameObject: {fileID: 1488730852}
  m_Mesh: {fileID: 10202, guid: 0000000000000000e000000000000000, type: 0}
--- !u!4 &1500980170
Transform:
  m_PrefabParentObject: {fileID: 489242, guid: 6eb20736c3cf144aa93501b8ff6a9ebd, type: 2}
  m_PrefabInternal: {fileID: 1590796238}
--- !u!4 &1572400262
Transform:
  m_PrefabParentObject: {fileID: 489242, guid: 6eb20736c3cf144aa93501b8ff6a9ebd, type: 2}
  m_PrefabInternal: {fileID: 263850216}
--- !u!1001 &1590796238
Prefab:
  m_ObjectHideFlags: 0
  serializedVersion: 2
  m_Modification:
    m_TransformParent: {fileID: 1754561114}
    m_Modifications:
    - target: {fileID: 489242, guid: 6eb20736c3cf144aa93501b8ff6a9ebd, type: 2}
      propertyPath: m_LocalPosition.x
      value: .0500000007
      objectReference: {fileID: 0}
    - target: {fileID: 489242, guid: 6eb20736c3cf144aa93501b8ff6a9ebd, type: 2}
      propertyPath: m_LocalPosition.y
      value: -.159999996
      objectReference: {fileID: 0}
    - target: {fileID: 489242, guid: 6eb20736c3cf144aa93501b8ff6a9ebd, type: 2}
      propertyPath: m_LocalPosition.z
      value: -6
      objectReference: {fileID: 0}
    - target: {fileID: 489242, guid: 6eb20736c3cf144aa93501b8ff6a9ebd, type: 2}
      propertyPath: m_LocalRotation.x
      value: 0
      objectReference: {fileID: 0}
    - target: {fileID: 489242, guid: 6eb20736c3cf144aa93501b8ff6a9ebd, type: 2}
      propertyPath: m_LocalRotation.y
      value: 0
      objectReference: {fileID: 0}
    - target: {fileID: 489242, guid: 6eb20736c3cf144aa93501b8ff6a9ebd, type: 2}
      propertyPath: m_LocalRotation.z
      value: 0
      objectReference: {fileID: 0}
    - target: {fileID: 489242, guid: 6eb20736c3cf144aa93501b8ff6a9ebd, type: 2}
      propertyPath: m_LocalRotation.w
      value: 1
      objectReference: {fileID: 0}
    - target: {fileID: 489242, guid: 6eb20736c3cf144aa93501b8ff6a9ebd, type: 2}
      propertyPath: m_RootOrder
      value: 2
      objectReference: {fileID: 0}
    - target: {fileID: 148746, guid: 6eb20736c3cf144aa93501b8ff6a9ebd, type: 2}
      propertyPath: m_Name
      value: Enemy2
      objectReference: {fileID: 0}
    m_RemovedComponents: []
  m_ParentPrefab: {fileID: 100100000, guid: 6eb20736c3cf144aa93501b8ff6a9ebd, type: 2}
  m_IsPrefabParent: 0
--- !u!1 &1708120574
GameObject:
  m_ObjectHideFlags: 0
  m_PrefabParentObject: {fileID: 0}
  m_PrefabInternal: {fileID: 0}
  serializedVersion: 4
  m_Component:
  - 4: {fileID: 1708120575}
  m_Layer: 0
  m_Name: Walls
  m_TagString: Untagged
  m_Icon: {fileID: 0}
  m_NavMeshLayer: 0
  m_StaticEditorFlags: 0
  m_IsActive: 1
--- !u!4 &1708120575
Transform:
  m_ObjectHideFlags: 0
  m_PrefabParentObject: {fileID: 0}
  m_PrefabInternal: {fileID: 0}
  m_GameObject: {fileID: 1708120574}
  m_LocalRotation: {x: 0, y: 0, z: 0, w: 1}
  m_LocalPosition: {x: 0, y: -.00999999978, z: -24.7800007}
  m_LocalScale: {x: 1, y: 1, z: 1}
  m_Children:
  - {fileID: 224189251}
  - {fileID: 706880202}
  - {fileID: 861050864}
  - {fileID: 1488730853}
  m_Father: {fileID: 1173833884}
  m_RootOrder: 3
--- !u!1 &1754561113
GameObject:
  m_ObjectHideFlags: 0
  m_PrefabParentObject: {fileID: 0}
  m_PrefabInternal: {fileID: 0}
  serializedVersion: 4
  m_Component:
  - 4: {fileID: 1754561114}
  m_Layer: 0
  m_Name: Enemies
  m_TagString: Untagged
  m_Icon: {fileID: 0}
  m_NavMeshLayer: 0
  m_StaticEditorFlags: 0
  m_IsActive: 1
--- !u!4 &1754561114
Transform:
  m_ObjectHideFlags: 0
  m_PrefabParentObject: {fileID: 0}
  m_PrefabInternal: {fileID: 0}
  m_GameObject: {fileID: 1754561113}
  m_LocalRotation: {x: 0, y: 0, z: 0, w: 1}
  m_LocalPosition: {x: 0, y: 0, z: -16}
  m_LocalScale: {x: 1, y: 1, z: 1}
  m_Children:
  - {fileID: 174061016}
  - {fileID: 1077631818}
  - {fileID: 1500980170}
  - {fileID: 1572400262}
  - {fileID: 1922934665}
  - {fileID: 2068510809}
  - {fileID: 727893139}
  - {fileID: 135521865}
  - {fileID: 1412010471}
  m_Father: {fileID: 1173833884}
  m_RootOrder: 0
--- !u!1001 &1772094869
Prefab:
  m_ObjectHideFlags: 0
  serializedVersion: 2
  m_Modification:
    m_TransformParent: {fileID: 1754561114}
    m_Modifications:
    - target: {fileID: 489242, guid: 6eb20736c3cf144aa93501b8ff6a9ebd, type: 2}
      propertyPath: m_LocalPosition.x
      value: -3.24000001
      objectReference: {fileID: 0}
    - target: {fileID: 489242, guid: 6eb20736c3cf144aa93501b8ff6a9ebd, type: 2}
      propertyPath: m_LocalPosition.y
      value: -.159999996
      objectReference: {fileID: 0}
    - target: {fileID: 489242, guid: 6eb20736c3cf144aa93501b8ff6a9ebd, type: 2}
      propertyPath: m_LocalPosition.z
      value: -8.76000023
      objectReference: {fileID: 0}
    - target: {fileID: 489242, guid: 6eb20736c3cf144aa93501b8ff6a9ebd, type: 2}
      propertyPath: m_LocalRotation.x
      value: 0
      objectReference: {fileID: 0}
    - target: {fileID: 489242, guid: 6eb20736c3cf144aa93501b8ff6a9ebd, type: 2}
      propertyPath: m_LocalRotation.y
      value: 0
      objectReference: {fileID: 0}
    - target: {fileID: 489242, guid: 6eb20736c3cf144aa93501b8ff6a9ebd, type: 2}
      propertyPath: m_LocalRotation.z
      value: 0
      objectReference: {fileID: 0}
    - target: {fileID: 489242, guid: 6eb20736c3cf144aa93501b8ff6a9ebd, type: 2}
      propertyPath: m_LocalRotation.w
      value: 1
      objectReference: {fileID: 0}
    - target: {fileID: 489242, guid: 6eb20736c3cf144aa93501b8ff6a9ebd, type: 2}
      propertyPath: m_RootOrder
      value: 1
      objectReference: {fileID: 0}
    m_RemovedComponents: []
  m_ParentPrefab: {fileID: 100100000, guid: 6eb20736c3cf144aa93501b8ff6a9ebd, type: 2}
  m_IsPrefabParent: 0
--- !u!1 &1830875107
GameObject:
  m_ObjectHideFlags: 0
  m_PrefabParentObject: {fileID: 0}
  m_PrefabInternal: {fileID: 0}
  serializedVersion: 4
  m_Component:
  - 4: {fileID: 1830875108}
  - 108: {fileID: 1830875109}
  m_Layer: 0
  m_Name: Blue light 2
  m_TagString: Untagged
  m_Icon: {fileID: 0}
  m_NavMeshLayer: 0
  m_StaticEditorFlags: 0
  m_IsActive: 1
--- !u!4 &1830875108
Transform:
  m_ObjectHideFlags: 0
  m_PrefabParentObject: {fileID: 0}
  m_PrefabInternal: {fileID: 0}
  m_GameObject: {fileID: 1830875107}
  m_LocalRotation: {x: 0, y: .707106829, z: 0, w: .707106709}
  m_LocalPosition: {x: 0, y: 1.69000006, z: 4.73000002}
  m_LocalScale: {x: 1, y: 1, z: 1}
  m_Children: []
  m_Father: {fileID: 1042375161}
  m_RootOrder: 4
--- !u!108 &1830875109
Light:
  m_ObjectHideFlags: 0
  m_PrefabParentObject: {fileID: 0}
  m_PrefabInternal: {fileID: 0}
  m_GameObject: {fileID: 1830875107}
  m_Enabled: 1
  serializedVersion: 6
  m_Type: 1
  m_Color: {r: 0, g: 0, b: 1, a: 1}
  m_Intensity: 8
  m_Range: 10
  m_SpotAngle: 30
  m_CookieSize: 10
  m_Shadows:
    m_Type: 1
    m_Resolution: -1
    m_Strength: 1
    m_Bias: .0500000007
    m_NormalBias: .400000006
  m_Cookie: {fileID: 0}
  m_DrawHalo: 0
  m_Flare: {fileID: 0}
  m_RenderMode: 0
  m_CullingMask:
    serializedVersion: 2
    m_Bits: 4294967295
  m_Lightmapping: 4
  m_BounceIntensity: 1.75999999
  m_ShadowRadius: 0
  m_ShadowAngle: 0
  m_AreaSize: {x: 1, y: 1}
--- !u!4 &1922934665
Transform:
  m_PrefabParentObject: {fileID: 489242, guid: 6eb20736c3cf144aa93501b8ff6a9ebd, type: 2}
  m_PrefabInternal: {fileID: 725327371}
--- !u!1 &1931902763
GameObject:
  m_ObjectHideFlags: 0
  m_PrefabParentObject: {fileID: 0}
  m_PrefabInternal: {fileID: 0}
  serializedVersion: 4
  m_Component:
  - 4: {fileID: 1931902767}
  - 33: {fileID: 1931902766}
  - 64: {fileID: 1931902765}
  - 23: {fileID: 1931902764}
  m_Layer: 0
  m_Name: Ground
  m_TagString: Untagged
  m_Icon: {fileID: 0}
  m_NavMeshLayer: 0
  m_StaticEditorFlags: 0
  m_IsActive: 1
--- !u!23 &1931902764
MeshRenderer:
  m_ObjectHideFlags: 0
  m_PrefabParentObject: {fileID: 0}
  m_PrefabInternal: {fileID: 0}
  m_GameObject: {fileID: 1931902763}
  m_Enabled: 1
  m_CastShadows: 1
  m_ReceiveShadows: 1
  m_Materials:
  - {fileID: 10303, guid: 0000000000000000f000000000000000, type: 0}
  m_SubsetIndices: 
  m_StaticBatchRoot: {fileID: 0}
  m_UseLightProbes: 0
  m_ReflectionProbeUsage: 1
  m_ProbeAnchor: {fileID: 0}
  m_ScaleInLightmap: 1
  m_PreserveUVs: 0
  m_ImportantGI: 0
  m_AutoUVMaxDistance: .5
  m_AutoUVMaxAngle: 89
  m_LightmapParameters: {fileID: 0}
  m_SortingLayerID: 0
  m_SortingOrder: 0
--- !u!64 &1931902765
MeshCollider:
  m_ObjectHideFlags: 0
  m_PrefabParentObject: {fileID: 0}
  m_PrefabInternal: {fileID: 0}
  m_GameObject: {fileID: 1931902763}
  m_Material: {fileID: 0}
  m_IsTrigger: 0
  m_Enabled: 1
  serializedVersion: 2
  m_Convex: 0
  m_Mesh: {fileID: 10209, guid: 0000000000000000e000000000000000, type: 0}
--- !u!33 &1931902766
MeshFilter:
  m_ObjectHideFlags: 0
  m_PrefabParentObject: {fileID: 0}
  m_PrefabInternal: {fileID: 0}
  m_GameObject: {fileID: 1931902763}
  m_Mesh: {fileID: 10209, guid: 0000000000000000e000000000000000, type: 0}
--- !u!4 &1931902767
Transform:
  m_ObjectHideFlags: 0
  m_PrefabParentObject: {fileID: 0}
  m_PrefabInternal: {fileID: 0}
  m_GameObject: {fileID: 1931902763}
  m_LocalRotation: {x: 0, y: 0, z: 0, w: 1}
  m_LocalPosition: {x: 0, y: -.00999999978, z: -24.7800007}
  m_LocalScale: {x: 1.79999995, y: 1, z: 2}
  m_Children: []
  m_Father: {fileID: 1173833884}
  m_RootOrder: 1
--- !u!1001 &2022048978
Prefab:
  m_ObjectHideFlags: 0
  serializedVersion: 2
  m_Modification:
    m_TransformParent: {fileID: 1754561114}
    m_Modifications:
    - target: {fileID: 489242, guid: 6eb20736c3cf144aa93501b8ff6a9ebd, type: 2}
      propertyPath: m_LocalPosition.x
      value: -1.87
      objectReference: {fileID: 0}
    - target: {fileID: 489242, guid: 6eb20736c3cf144aa93501b8ff6a9ebd, type: 2}
      propertyPath: m_LocalPosition.y
      value: -.159999996
      objectReference: {fileID: 0}
    - target: {fileID: 489242, guid: 6eb20736c3cf144aa93501b8ff6a9ebd, type: 2}
      propertyPath: m_LocalPosition.z
      value: -10.4899998
      objectReference: {fileID: 0}
    - target: {fileID: 489242, guid: 6eb20736c3cf144aa93501b8ff6a9ebd, type: 2}
      propertyPath: m_LocalRotation.x
      value: 0
      objectReference: {fileID: 0}
    - target: {fileID: 489242, guid: 6eb20736c3cf144aa93501b8ff6a9ebd, type: 2}
      propertyPath: m_LocalRotation.y
      value: 0
      objectReference: {fileID: 0}
    - target: {fileID: 489242, guid: 6eb20736c3cf144aa93501b8ff6a9ebd, type: 2}
      propertyPath: m_LocalRotation.z
      value: 0
      objectReference: {fileID: 0}
    - target: {fileID: 489242, guid: 6eb20736c3cf144aa93501b8ff6a9ebd, type: 2}
      propertyPath: m_LocalRotation.w
      value: 1
      objectReference: {fileID: 0}
    - target: {fileID: 489242, guid: 6eb20736c3cf144aa93501b8ff6a9ebd, type: 2}
      propertyPath: m_RootOrder
      value: 5
      objectReference: {fileID: 0}
    - target: {fileID: 148746, guid: 6eb20736c3cf144aa93501b8ff6a9ebd, type: 2}
      propertyPath: m_Name
      value: Enemy5
      objectReference: {fileID: 0}
    m_RemovedComponents: []
  m_ParentPrefab: {fileID: 100100000, guid: 6eb20736c3cf144aa93501b8ff6a9ebd, type: 2}
  m_IsPrefabParent: 0
--- !u!4 &2068510809
Transform:
  m_PrefabParentObject: {fileID: 489242, guid: 6eb20736c3cf144aa93501b8ff6a9ebd, type: 2}
  m_PrefabInternal: {fileID: 2022048978}
